% This file was created with JabRef 2.10.
% Encoding: Cp1252


@article{olsson2007thoracic,
  title={Thoracic aortic aneurysm and dissection: Increasing prevalence and improved outcomes reported in a nationwide population-based study of more than 14,000 cases from 1987 to 2002},
  author={Olsson, C and Thelin, S and Stahle, E},
  journal={Journal of Vascular Surgery},
  volume={46},
  number={3},
  pages={609},
  year={2007},
  publisher={Elsevier}
}

@article{meszaros2000epidemiology,
  title={Epidemiology and clinicopathology of aortic dissection},
  author={Meszaros, Istvan and Morocz, Jozsef and Szlavi, Jozsef and Schmidt, Janos and Tornoci, Laszlo and Nagy, Laszlo and Sz{\'e}p, Laszlo},
  journal={Chest},
  volume={117},
  number={5},
  pages={1271--1278},
  year={2000},
  publisher={Elsevier}
}

@article{desanctis1987aortic,
  title={Aortic dissection},
  author={DeSanctis, Roman W and Doroghazi, Robert M and Austen, W Gerald and Buckley, Mortimer J},
  journal={New England Journal of Medicine},
  volume={317},
  number={17},
  pages={1060--1067},
  year={1987},
  publisher={Mass Medical Soc}
}

@article{goldfinger2014thoracic,
  title={Thoracic aortic aneurysm and dissection},
  author={Goldfinger, Judith Z and Halperin, Jonathan L and Marin, Michael L and Stewart, Allan S and Eagle, Kim A and Fuster, Valentin},
  journal={Journal of the American College of Cardiology},
  volume={64},
  number={16},
  pages={1725--1739},
  year={2014},
  publisher={Journal of the American College of Cardiology}
}

@article{criado2011aortic,
  title={Aortic dissection: a 250-year perspective},
  author={Criado, Frank J},
  journal={Texas Heart Institute Journal},
  volume={38},
  number={6},
  pages={694},
  year={2011},
  publisher={Texas Heart Institute}
}